<?xml version="1.0" encoding="UTF-8"?>
<collection xmlns:xsi="http://www.w3.org/2001/XMLSchema-instance" xsi:schemaLocation="http://www.loc.gov/MARC21/slim http://www.loc.gov/standards/marcxml/schema/MARC21slim.xsd" xmlns="http://www.loc.gov/MARC21/slim">
<record>
  <leader>00567cam a2200205Mi 4500</leader>
  <controlfield tag="001">3178602</controlfield>
  <controlfield tag="003">NNC</controlfield>
  <controlfield tag="005">20140528150747.0</controlfield>
  <controlfield tag="008">930528m1862    ua            000 0 ara d</controlfield>
  <datafield tag="035" ind1=" " ind2=" ">
    <subfield code="a">(OCoLC)ocm33995023</subfield>
  </datafield>
  <datafield tag="035" ind1=" " ind2=" ">
    <subfield code="9">AUC1301CU</subfield>
  </datafield>
  <datafield tag="035" ind1=" " ind2=" ">
    <subfield code="a">(NNC)3178602</subfield>
  </datafield>
  <datafield tag="040" ind1=" " ind2=" ">
    <subfield code="a">HLS</subfield>
    <subfield code="c">HLS</subfield>
    <subfield code="d">ZCU</subfield>
  </datafield>
  <datafield tag="099" ind1=" " ind2=" ">
    <subfield code="a">893.7K127</subfield>
    <subfield code="a">T5</subfield>
  </datafield>
  <datafield tag="099" ind1=" " ind2=" ">
    <subfield code="a">893.7K127</subfield>
    <subfield code="a">T5</subfield>
  </datafield>
  <datafield tag="100" ind1="1" ind2=" ">
    <subfield code="a">Qalyūbī, Shihāb al-Dīn Aḥmad ibn Aḥmad,</subfield>
    <subfield code="d">-1659.</subfield>
  </datafield>
  <datafield tag="245" ind1="1" ind2="0">
    <subfield code="a">Nawādir.</subfield>
  </datafield>
  <datafield tag="260" ind1=" " ind2=" ">
    <subfield code="a">[Egypt :</subfield>
    <subfield code="b">s.n.],</subfield>
    <subfield code="c">1279 [1862]</subfield>
    <subfield code="e">(al-Qāhirah :</subfield>
    <subfield code="f">Maṭbaʻat al-Ḥajar)</subfield>
  </datafield>
  <datafield tag="300" ind1=" " ind2=" ">
    <subfield code="a">191 p.</subfield>
  </datafield>
  <datafield tag="955" ind1=" " ind2=" ">
    <subfield code="b">CU58959750</subfield>
    <subfield code="d">off,glx</subfield>
    <subfield code="e">893.7K127 T5</subfield>
  </datafield>
</record>
</collection>